

<record>
  <leader>00733nam a2200253   4500</leader>
  <controlfield tag="001">BIBLIOPAC-010891</controlfield>
  <controlfield tag="005">20161123142949.0</controlfield>
  <controlfield tag="008">140724s        bl     f     0000 0      </controlfield>
  <datafield tag="082" ind1="1" ind2=" ">
    <subfield code="a">301.29 </subfield>
  </datafield>
  <datafield tag="090" ind1=" " ind2=" ">
    <subfield code="a">301.2 </subfield>
    <subfield code="b">D817d</subfield>
  </datafield>
  <datafield tag="100" ind1="1" ind2=" ">
    <subfield code="a">Dubos, René </subfield>
  </datafield>
  <datafield tag="245" ind1="1" ind2="0">
    <subfield code="a">O despertar da razão : </subfield>
    <subfield code="b">Por uma ciência mais humana / </subfield>
    <subfield code="c">René Dubos; tradução de Pinheiro de Lemos. </subfield>
  </datafield>
  <datafield tag="260" ind1=" " ind2=" ">
    <subfield code="a">São Paulo : </subfield>
    <subfield code="b">Melhoramentos, </subfield>
    <subfield code="c">1972. </subfield>
  </datafield>
  <datafield tag="300" ind1=" " ind2=" ">
    <subfield code="a">194 p. </subfield>
  </datafield>
  <datafield tag="500" ind1=" " ind2=" ">
    <subfield code="a">Inclui índice. </subfield>
  </datafield>
  <datafield tag="504" ind1=" " ind2=" ">
    <subfield code="a">Inclui bibliografia :  p. 187-194. </subfield>
  </datafield>
  <datafield tag="650" ind1=" " ind2="0">
    <subfield code="a">Razão. </subfield>
  </datafield>
  <datafield tag="650" ind1=" " ind2="0">
    <subfield code="a">Filósofos. </subfield>
  </datafield>
  <datafield tag="650" ind1=" " ind2="0">
    <subfield code="a">Inventores. </subfield>
  </datafield>
  <datafield tag="650" ind1=" " ind2="0">
    <subfield code="a">Ciência. </subfield>
  </datafield>
  <datafield tag="650" ind1=" " ind2="0">
    <subfield code="a">Humanidade. </subfield>
  </datafield>
  <datafield tag="700" ind1="1" ind2=" ">
    <subfield code="a">Lemos, Pinheiro.</subfield>
    <subfield code="e">trad.</subfield>
  </datafield>
  <datafield tag="942" ind1=" " ind2=" ">
    <subfield code="c">L</subfield>
  </datafield>
  <datafield tag="999" ind1=" " ind2=" ">
    <subfield code="c">17601</subfield>
    <subfield code="d">17601</subfield>
  </datafield>
  <datafield tag="952" ind1=" " ind2=" ">
    <subfield code="0">0</subfield>
    <subfield code="1">0</subfield>
    <subfield code="4">0</subfield>
    <subfield code="6">301_200000000000000_D817D</subfield>
    <subfield code="7">0</subfield>
    <subfield code="8">G</subfield>
    <subfield code="9">23831</subfield>
    <subfield code="a">sdin</subfield>
    <subfield code="b">sdin</subfield>
    <subfield code="d">2016-11-23</subfield>
    <subfield code="l">0</subfield>
    <subfield code="o">301.2 D817d</subfield>
    <subfield code="p">76-0546</subfield>
    <subfield code="r">2016-11-23</subfield>
    <subfield code="w">2016-11-23</subfield>
    <subfield code="y">L</subfield>
  </datafield>
</record>